<record><leader>00000cas a22000007a 4500</leader><controlfield tag="001">9823543</controlfield><controlfield tag="008">830819d18551960nyuwr ne      0    0eng d</controlfield><controlfield tag="009">3781</controlfield><datafield ind1=" " ind2=" " tag="010"><subfield code="a">sn 83031218 </subfield></datafield><datafield ind1=" " ind2=" " tag="040"><subfield code="a">NPU</subfield><subfield code="b">eng</subfield><subfield code="c">NPU</subfield><subfield code="d">NPX</subfield><subfield code="d">NYS</subfield><subfield code="d">NVF</subfield><subfield code="d">NYS</subfield><subfield code="d">OCL</subfield><subfield code="d">OCLCF</subfield><subfield code="d">OCLCO</subfield></datafield><datafield ind1=" " ind2=" " tag="042"><subfield code="a">msc</subfield></datafield><datafield ind1="0" ind2="4" tag="245"><subfield code="a">The Chenango American.</subfield></datafield><datafield ind1=" " ind2=" " tag="260"><subfield code="a">Greene, N.Y. :</subfield><subfield code="b">Denison &amp; Fisher,</subfield><subfield code="c">1855-</subfield></datafield><datafield ind1=" " ind2=" " tag="300"><subfield code="a">v. ;</subfield><subfield code="c">63 cm.</subfield></datafield><datafield ind1=" " ind2=" " tag="310"><subfield code="a">Weekly</subfield></datafield><datafield ind1="0" ind2=" " tag="362"><subfield code="a">Vol. 1, no. 1 (Sept. 20, 1855)-</subfield></datafield><datafield ind1="1" ind2=" " tag="362"><subfield code="a">Ceased in 1960?</subfield></datafield><datafield ind1=" " ind2=" " tag="500"><subfield code="a">Publishers: Denison &amp; Fisher, 1855-    ; J.D. Denison, &lt;1867&gt;.</subfield></datafield><datafield ind1=" " ind2=" " tag="500"><subfield code="a">"Republican."</subfield></datafield><datafield ind1=" " ind2=" " tag="580"><subfield code="a">Absorbed: Broome County herald. Cf. Faibisoff, S.G.  Bibl. of newspapers in 14 N.Y. counties.</subfield></datafield><datafield ind1=" " ind2="0" tag="651"><subfield code="a">Greene (N.Y.)</subfield><subfield code="v">Newspapers.</subfield></datafield><datafield ind1=" " ind2="7" tag="655"><subfield code="a">Newspapers.</subfield><subfield code="2">fast</subfield><subfield code="0">(OCoLC)fst01423814</subfield></datafield><datafield ind1=" " ind2="7" tag="651"><subfield code="a">New York (State)</subfield><subfield code="z">Greene.</subfield><subfield code="2">fast</subfield><subfield code="0">(OCoLC)fst01219271</subfield></datafield><datafield ind1=" " ind2=" " tag="752"><subfield code="a">United States</subfield><subfield code="b">New York</subfield><subfield code="c">Chenango</subfield><subfield code="d">Greene.</subfield></datafield><datafield ind1="1" ind2="5" tag="780"><subfield code="t">Broome County herald</subfield><subfield code="g">1915</subfield><subfield code="w">(DLC)sn 91066377</subfield><subfield code="w">(OCoLC)24170288</subfield></datafield><datafield ind1="0" ind2="7" tag="785"><subfield code="t">Whitney's Point reporter</subfield><subfield code="w">(DLC)sn 85038678</subfield></datafield><datafield ind1="0" ind2="7" tag="785"><subfield code="t">Chenango American and Whitney Point reporter</subfield><subfield code="w">(DLC)sn 91066375</subfield><subfield code="w">(OCoLC)24159297</subfield></datafield></record>